<record xmlns="http://www.loc.gov/MARC21/slim" xmlns:xsi="http://www.w3.org/2001/XMLSchema-instance" xsi:schemaLocation="http://www.loc.gov/MARC21/slim http://www.loc.gov/standards/marcxml/schema/MARC21slim.xsd"><leader>02132nam a2200421   4500</leader><controlfield tag="001">002818823</controlfield><controlfield tag="003">NNU</controlfield><controlfield tag="006">m        d        </controlfield><controlfield tag="007">cr cn |||m|||a</controlfield><controlfield tag="008">150110s1970    iq      ob    000 0 arar</controlfield><datafield ind1=" " ind2=" " tag="040"><subfield code="a">NNU</subfield><subfield code="b">eng</subfield><subfield code="e">rda</subfield><subfield code="c">NNU</subfield></datafield><datafield ind1=" " ind2="4" tag="050"><subfield code="a">PJ7700.I15</subfield><subfield code="b">A6 1970</subfield></datafield><datafield ind1="1" ind2=" " tag="100"><subfield code="6">880-01</subfield><subfield code="a">Ibn Mayya&#772;dah, al-Ramma&#772;h&#803; ibn Abrad,</subfield><subfield code="d">-766 or 767.</subfield></datafield><datafield ind1="1" ind2="0" tag="245"><subfield code="6">880-02</subfield><subfield code="a">Shi&#699;r Ibn Mayya&#772;dah al-Ramma&#772;h&#803; ibn Abrad al-Murri&#772;. /</subfield><subfield code="c">Jam&#699; wa-tah&#803;qi&#772;q Muh&#803;ammad Na&#772;yif al-Dulaymi&#772;.</subfield></datafield><datafield ind1=" " ind2=" " tag="260"><subfield code="6">880-03</subfield><subfield code="a">al-Maws&#803;u&#772;l :</subfield><subfield code="b">Mat&#803;ba&#699;at al-Jumhu&#772;ri&#772;yah,</subfield><subfield code="c">[1970]</subfield></datafield><datafield ind1=" " ind2=" " tag="260"><subfield code="a">al-Maws&#803;u&#772;l :</subfield><subfield code="b">Mat&#803;ba&#699;at al-Jumhu&#772;ri&#772;yah,</subfield><subfield code="c">[1970]</subfield></datafield><datafield ind1=" " ind2=" " tag="300"><subfield code="a">online resource (173 pages)</subfield></datafield><datafield ind1=" " ind2=" " tag="336"><subfield code="a">text</subfield><subfield code="2">rdacontent</subfield></datafield><datafield ind1=" " ind2=" " tag="337"><subfield code="a">computer</subfield><subfield code="2">rdamedia</subfield></datafield><datafield ind1=" " ind2=" " tag="338"><subfield code="a">online resource</subfield><subfield code="2">rdacarrier</subfield></datafield><datafield ind1=" " ind2=" " tag="500"><subfield code="a">Cover title: Poetry of Ibn Mayyada al-Rammah ibn Abrad al-Morrey.</subfield></datafield><datafield ind1=" " ind2=" " tag="500"><subfield code="a">Part of the Arabic Collections Online (ACO) project, contributed by New York Univeristy Libraries.</subfield></datafield><datafield ind1=" " ind2=" " tag="504"><subfield code="a">Includes bibliographical references (pages 156-171).</subfield></datafield><datafield ind1=" " ind2=" " tag="533"><subfield code="a">Electronic reproduction.</subfield><subfield code="b">New York, N.Y. :</subfield><subfield code="c">New York University,</subfield><subfield code="d">2015.</subfield><subfield code="5">NNU</subfield></datafield><datafield ind1=" " ind2="0" tag="650"><subfield code="a">Arabic poetry</subfield><subfield code="y">622-750.</subfield></datafield><datafield ind1=" " ind2="7" tag="650"><subfield code="a">Arabic poetry.</subfield><subfield code="2">fast</subfield><subfield code="0">(OCoLC)fst00812533</subfield></datafield><datafield ind1=" " ind2="7" tag="648"><subfield code="a">622 - 750</subfield><subfield code="2">fast</subfield></datafield><datafield ind1="1" ind2=" " tag="700"><subfield code="6">880-03</subfield><subfield code="a">Dulaymi&#772;, Muh&#803;ammad Na&#772;yif,</subfield><subfield code="e">editor.</subfield></datafield><datafield ind1="2" ind2=" " tag="710"><subfield code="a">New York University.</subfield><subfield code="b">Libraries.</subfield></datafield><datafield ind1="0" ind2=" " tag="730"><subfield code="a">Arabic Collections Online.</subfield></datafield><datafield ind1="0" ind2="8" tag="776"><subfield code="i">Print version:</subfield><subfield code="a">Ibn Mayya&#772;dah, al-Ramma&#772;h&#803; ibn Abrad, -766 or 767.</subfield><subfield code="t">Shi&#699;r Ibn Mayya&#772;dah al-Ramma&#772;h&#803; ibn Abrad al-Murri&#772;</subfield><subfield code="w">(NNU)002818823</subfield><subfield code="w">(DLC)   70962281</subfield></datafield><datafield ind1="4" ind2="0" tag="856"><subfield code="u">http://hdl.handle.net/2333.1/w9ghx5b4</subfield></datafield><datafield ind1="1" ind2=" " tag="880"><subfield code="6">100-01/</subfield><subfield code="a">&#1575;&#1576;&#1606; &#1605;&#1610;&#1575;&#1583;&#1577;&#1548; &#1575;&#1604;&#1585;&#1605;&#1575;&#1581; &#1576;&#1606; &#1575;&#1576;&#1585;&#1583;&#1548;</subfield><subfield code="d">-766 or 767.</subfield></datafield><datafield ind1="1" ind2="0" tag="880"><subfield code="6">245-02/</subfield><subfield code="a">&#1588;&#1593;&#1585; &#1575;&#1576;&#1606; &#1605;&#1610;&#1575;&#1583;&#1577; &#1575;&#1604;&#1585;&#1605;&#1575;&#1581; &#1576;&#1606; &#1571;&#1576;&#1585;&#1583; &#1575;&#1604;&#1605;&#1585;&#1610; /</subfield><subfield code="c">&#1580;&#1605;&#1593; &#1608;&#1578;&#1581;&#1602;&#1610;&#1602; &#1605;&#1581;&#1605;&#1583; &#1606;&#1575;&#1610;&#1601; &#1575;&#1604;&#1583;&#1604;&#1610;&#1605;&#1610;.</subfield></datafield><datafield ind1=" " ind2=" " tag="880"><subfield code="6">260-03/</subfield><subfield code="a">&#1575;&#1604;&#1605;&#1608;&#1589;&#1608;&#1604; :</subfield><subfield code="b">&#1605;&#1591;&#1576;&#1593;&#1577; &#1575;&#1604;&#1580;&#1605;&#1607;&#1608;&#1585;&#1610;&#1577;&#1548;</subfield><subfield code="c">[1970]</subfield></datafield><datafield ind1="1" ind2=" " tag="880"><subfield code="6">700-03/</subfield><subfield code="a">&#1583;&#1604;&#1610;&#1605;&#1610;&#1548; &#1605;&#1581;&#1605;&#1583; &#1606;&#1575;&#1610;&#1601;&#1548;</subfield><subfield code="e">editor.</subfield></datafield><datafield ind1=" " ind2=" " tag="959"><subfield code="a">NNU</subfield><subfield code="b">WEB</subfield><subfield code="c">GENI</subfield><subfield code="t">0</subfield><subfield code="m">Electronic access</subfield><subfield code="s">01</subfield></datafield><datafield ind1=" " ind2=" " tag="999"><subfield code="i">NNU_002818823</subfield><subfield code="o" /><subfield code="e">(ERROR-880)</subfield></datafield></record>